@book{Neukirch,
  title = {Cohomology of Number Fields},
  author = {Neukirch, J. and Schmidt, A. and Wingberg, K.},
  year = {2000},
  publisher = {Springer-Verlag},
}

@book{SerreCL,
  title = {Local Fields},
  author = {Serre, J.-P.},
  year = {1979},
  publisher = {Springer-Verlag},
}

@book{SerreCG,
  title = {Galois Cohomology},
  author = {Serre, J.-P.},
  year = {1997},
  publisher = {Springer-Verlag},
}

@book{GilleSzamuely,
  title = {Central Simple Algebras and Galois Cohomology},
  author = {Gille, P. and Szamuely, T.},
  year = {2006},
  publisher = {Cambridge University Press},
}

@book{Harari,
  title = {Galois Cohomology and Class Field Theory},
  author = {Harari, D.},
  year = {2020},
  publisher = {Springer-Verlag},
}

@book{Grothendieck,
  title = {Technique de descente et théorèmes d'existence en géométrie
           algébrique. II. Le théorème d'existence en théorie formelle des
           modules},
  author = {Grothendieck, A.},
  year = {1961},
  publisher = {Séminaire Bourbaki, Vol. 6, Exp. No. 190},
}

@book{Tohoku,
  title = {Sur quelques points d'algèbre homologique},
  author = {Grothendieck, A.},
  year = {1957},
  journal = {Tohoku Math. J.},
}

@book{RibesZalesskii,
  title = {Profinite Groups},
  author = {Ribes, L. and Zalesskii, P.},
  year = {2010},
  publisher = {Springer-Verlag},
}

@book{Weibel,
  title = {An Introduction to Homological Algebra},
  author = {Weibel, C.},
  year = {1994},
  publisher = {Cambridge University Press},
}